@article{goto2008anatomy,
  title={Anatomy of high-performance matrix multiplication},
  author={Goto, Kazushige and Geijn, Robert A},
  journal={ACM Transactions on Mathematical Software (TOMS)},
  volume={34},
  number={3},
  pages={1--25},
  year={2008},
  publisher={ACM New York, NY, USA}
}

@article{strassen1969gaussian,
  title={Gaussian elimination is not optimal},
  author={Strassen, Volker},
  journal={Numerische mathematik},
  volume={13},
  number={4},
  pages={354--356},
  year={1969},
  publisher={Springer}
}

@inproceedings{blackford2002updated,
  title={An updated set of basic linear algebra subprograms (BLAS)},
  author={Blackford, L Susan and Petitet, Antoine and Pozo, Roldan and Remington, Karin and Whaley, R Clint and Demmel, James and Dongarra, Jack and Duff, Iain and Hammarling, Sven and Henry, Greg and others},
  booktitle={ACM Transactions on Mathematical Software},
  volume={28},
  number={2},
  pages={135--151},
  year={2002}
}

@article{lam1991cache,
  title={The cache performance and optimizations of blocked algorithms},
  author={Lam, Monica S and Rothberg, Edward E and Wolf, Michael E},
  journal={ACM SIGOPS Operating Systems Review},
  volume={25},
  number={Special Issue},
  pages={63--74},
  year={1991},
  publisher={ACM New York, NY, USA}
}

@misc{openjdk_jmh,
  title={Java Microbenchmark Harness (JMH)},
  author={Oracle},
  howpublished={\url{https://github.com/openjdk/jmh}},
  year={2023}
}

@misc{google_benchmark,
  title={Google Benchmark - A microbenchmark support library},
  author={Google},
  howpublished={\url{https://github.com/google/benchmark}},
  year={2023}
}

@misc{criterion_rs,
  title={Criterion.rs - Statistics-driven benchmarking library for Rust},
  author={Brook Heisler},
  howpublished={\url{https://github.com/bheisler/criterion.rs}},
  year={2023}
}

@misc{pytest_benchmark,
  title={pytest-benchmark - A pytest fixture for benchmarking code},
  author={Ionel Cristian Mărieș},
  howpublished={\url{https://github.com/ionelmc/pytest-benchmark}},
  year={2023}
}